@Article{viola04ijcv,
    author  = "Paul VIOLA et Michael J. JONES",
    title   = "Robust Real-Time Face Detection",
    year    = "2004",
    journal = "International Journal of Computer Vision 57(2), 137–154",
    url = "http://www.vision.caltech.edu/html-files/EE148-2005-Spring/pprs/viola04ijcv.pdf"

}

@online{sevenGrayscale,
  author = {Tanner HELLAND},
  title = {Seven grayscale conversion algorithms (with pseudocode and VB6 source code)},
  year = 2011,
  url = {http://www.tannerhelland.com/3643/grayscale-image-algorithm-vb6/},
  urldate = {2011-11-01}
}

@Article{Objet,
    author  = "Jonathan Louëdec",
    title   = "Algorithmes de bandits pour les systèmes de
recommandation",
    year    = "2005",
    journal = " Institut de Recherche en Informatique de Toulouse (IRIT)
Institut de Mathématiques de Toulouse (IMT)
UMR5505, UMR5219, CNRS",
    url = "https://www.irit.fr/publis/SIG/2014_INFORSID_L.pdf"

@article{bufferSecurity,
    author = {Christophe BLAESS},
    title = "Éviter les failles de sécurité dès le développement d'une application 3 ème Partie",
    journal = "Ingénierie et formations sur les systèmes libres",
    year = "2011",
    url = "https://www.blaess.fr/christophe/files/eliminer-failles-securite-3.pdf"
    }
    
@article{social,
    author = {Prem Melville and Raymond J. Mooney and Ramadass Nagarajan},
    title = "Content-Boosted Collaborative Filtering for Improved Recommendations",
    journal = "Department of Computer Sciences University of Texas Austin, TX 78712",
    year = "2002",
    url = "http://www.cs.utexas.edu/users/ml/papers/cbcf-aaai-02.pdf"
    
@article{
    author = {Hubert Guillaud},
    title = {« Tout est recommandation » : comment Netflix s’est transformé }
    year = 2017,
    journal= internetactu.net
    url = http://www.internetactu.net/2017/10/25/tout-est-recommandation-comment-netflix-sest-transforme/
    }